@misc{Numba,
	author = {Numba Developers},
	title = {Numba: A Just-in-Time Compiler for Python},
	note = {Available at: \url{https://numba.pydata.org/}},
	year = {n.d.}
}

@misc{Joblib,
	author = {Joblib Developers},
	title = {Joblib: Lightweight pipelining in Python},
	note = {Available at: \url{https://joblib.readthedocs.io/en/latest/}},
	year = {n.d.}
}